<?xml version="1.0" encoding="UTF-8"?><collection xmlns="http://www.loc.gov/MARC21/slim"><record><leader>00493nam--2200181-i-4500</leader><controlfield tag="001">000000306</controlfield><controlfield tag="002">20161230</controlfield><controlfield tag="005">20161230201024</controlfield><controlfield tag="008">060222s1000------------r-----000-0-fre-d</controlfield><datafield ind1=" " ind2=" " tag="040"><subfield code="a">IFIN-HH</subfield></datafield><datafield ind1=" " ind2=" " tag="041"><subfield code="a">fre</subfield></datafield><datafield ind1=" " ind2=" " tag="080"><subfield code="a">539.1</subfield></datafield><datafield ind1="1" ind2=" " tag="100"><subfield code="a">Kerwin, Larkin</subfield></datafield><datafield ind1="1" ind2="0" tag="245"><subfield code="a">Introduction a la physique atomique</subfield><subfield code="b">Traduit par michel de celles</subfield><subfield code="c">Larkin kerwin</subfield></datafield><datafield ind1=" " ind2=" " tag="260"><subfield code="a">Quebec</subfield><subfield code="b">Les Presses De L'Universite Laval</subfield><subfield code="c">1964</subfield></datafield><datafield ind1=" " ind2=" " tag="300"><subfield code="a">439P</subfield></datafield><datafield ind1=" " ind2=" " tag="852"><subfield code="a">22754</subfield><subfield code="c">539</subfield></datafield><datafield ind1=" " ind2=" " tag="CAT"><subfield code="a">Sys</subfield><subfield code="c">20111003</subfield><subfield code="h">145153</subfield></datafield></record></collection>